<record><leader>00000cas a2200000 a 4500</leader><controlfield tag="001">18484267</controlfield><controlfield tag="008">880914d194919uuwauuu ne      0    0eng d</controlfield><datafield ind1=" " ind2=" " tag="010"><subfield code="a">sn 88085995 </subfield></datafield><datafield ind1=" " ind2=" " tag="040"><subfield code="a">SLZ</subfield><subfield code="b">eng</subfield><subfield code="c">SLZ</subfield><subfield code="d">OCL</subfield><subfield code="d">WAU</subfield><subfield code="d">OCLCF</subfield><subfield code="d">OCLCO</subfield></datafield><datafield ind1="1" ind2=" " tag="029"><subfield code="a">AU@</subfield><subfield code="b">000020522470</subfield></datafield><datafield ind1=" " ind2=" " tag="042"><subfield code="a">msc</subfield></datafield><datafield ind1=" " ind2=" " tag="043"><subfield code="a">n-us---</subfield></datafield><datafield ind1="0" ind2=" " tag="130"><subfield code="a">Defender (Seattle, Wash.)</subfield></datafield><datafield ind1="0" ind2="4" tag="245"><subfield code="a">The defender.</subfield></datafield><datafield ind1=" " ind2=" " tag="260"><subfield code="a">Seattle, Wash. :</subfield><subfield code="b">Sailors Union of the Pacific, Seattle Branch,</subfield></datafield><datafield ind1=" " ind2=" " tag="300"><subfield code="a">v.</subfield></datafield><datafield ind1="0" ind2=" " tag="362"><subfield code="a">[Vol. 1, no. 1] (Aug. 9, 1949)-</subfield></datafield><datafield ind1=" " ind2=" " tag="550"><subfield code="a">Issued by: Seattle Branch, SUP, Aug. 9-Oct. 31, 1949; by: Mahoney Defense Committee, SUP, Dec. 20, 1949-&lt;Mar. 21, 1950&gt;</subfield></datafield><datafield ind1="2" ind2="0" tag="610"><subfield code="a">Sailors' Union of the Pacific</subfield><subfield code="v">Newspapers.</subfield></datafield><datafield ind1=" " ind2="7" tag="655"><subfield code="a">Newspapers.</subfield><subfield code="2">fast</subfield><subfield code="0">(OCoLC)fst01423814</subfield></datafield><datafield ind1="2" ind2="7" tag="610"><subfield code="a">Sailors' Union of the Pacific.</subfield><subfield code="2">fast</subfield><subfield code="0">(OCoLC)fst00612583</subfield></datafield><datafield ind1="2" ind2=" " tag="710"><subfield code="a">Sailors' Union of the Pacific.</subfield><subfield code="b">Seattle Branch.</subfield></datafield><datafield ind1="2" ind2=" " tag="710"><subfield code="a">Sailors' Union of the Pacific.</subfield><subfield code="b">Mahoney Defense Committee.</subfield></datafield><datafield ind1=" " ind2=" " tag="752"><subfield code="a">United States</subfield><subfield code="b">Washington</subfield><subfield code="c">King</subfield><subfield code="d">Seattle.</subfield></datafield></record>